%% LaTeX2e file `presentation.bib'
%% generated by the `filecontents' environment
%% from source `presentation' on 2017/03/20.
%%
@article{[2],
  title={A sparsity-based iterative algorithm for reconstruction of micro-CT images from highly undersampled projection datasets obtained with a synchrotron X-ray source},
  author={Melli, S Ali and Wahid, Khan A and Babyn, Paul and Cooper, David ML and Gopi, Varun P},
  journal={Review of Scientific Instruments},
  volume={87},
  number={12},
  pages={123701},
  Origyear={2016},
  publisher={AIP Publishing}
}

@article{[3],
  title={A compressed sensing based reconstruction algorithm for synchrotron source propagation-based X-ray phase contrast computed tomography},
  author={Melli, Seyed Ali and Wahid, Khan A and Babyn, Paul and Montgomery, James and Snead, Elisabeth and El-Gayed, Ali and Pettitt, Murray and Wolkowski, Bailey and Wesolowski, Michal},
  journal={Nuclear Instruments and Methods in Physics Research Section A: Accelerators, Spectrometers, Detectors and Associated Equipment},
  volume={806},
  pages={307--317},
  Origyear={2016},
  publisher={Elsevier}
}


@article{[19],
  title={Statistical image reconstruction from limited projection data with intensity priors},
  author={Rashed, Essam A and Kudo, Hiroyuki},
  journal={Physics in medicine and biology},
  volume={57},
  number={7},
  pages={2039},
  Origyear={2012},
  publisher={IOP Publishing}
}

@article{mirone2014pyhst2,
  title={The PyHST2 hybrid distributed code for high speed tomographic reconstruction with iterative reconstruction and a priori knowledge capabilities},
  author={Mirone, Alessandro and Brun, Emmanuel and Gouillart, Emmanuelle and Tafforeau, Paul and Kieffer, Jerome},
  journal={Nuclear Instruments and Methods in Physics Research },
  volume={324},
  pages={41--48},
 Origyear={2014},
  publisher={Elsevier}
}


