@article{[1],
  title={Towards breast tomography with synchrotron radiation at Elettra: first images},
  author={Longo, R and Arfelli, F and Bellazzini, R and Bottigli, U and Brez, A and Brun, F and Brunetti, A and Delogu, P and Di Lillo, F and Dreossi, D and others},
  journal={Physics in medicine and biology},
  volume={61},
  number={4},
  pages={1634},
  year={2016},
  publisher={IOP Publishing}
}

@article{[2],
  title={A sparsity-based iterative algorithm for reconstruction of micro-CT images from highly undersampled projection datasets obtained with a synchrotron X-ray source},
  author={Melli, S Ali and Wahid, Khan A and Babyn, Paul and Cooper, David ML and Gopi, Varun P},
  journal={Review of Scientific Instruments},
  volume={87},
  number={12},
  pages={123701},
  year={2016},
  publisher={AIP Publishing}
}



@article{[3],
  title={A compressed sensing based reconstruction algorithm for synchrotron source propagation-based X-ray phase contrast computed tomography},
  author={Melli, Seyed Ali and Wahid, Khan A and Babyn, Paul and Montgomery, James and Snead, Elisabeth and El-Gayed, Ali and Pettitt, Murray and Wolkowski, Bailey and Wesolowski, Michal},
  journal={Nuclear Instruments and Methods in Physics Research Section A: Accelerators, Spectrometers, Detectors and Associated Equipment},
  volume={806},
  pages={307--317},
  year={2016},
  publisher={Elsevier}
}



@inproceedings{[4],
  title={Phase-Contrast Clinical Breast CT: Optimization of Imaging Setups and Reconstruction Workflows},
  author={Tromba, Giuliana and Pacil{\`e}, Serena and Nesterets, Yakov I and Brun, Francesco and Dullin, Christian and Dreossi, Diego and Mayo, Sheridan C and Stevenson, Andrew W and Pavlov, Konstantin M and Kitchen, Markus J and others},
  booktitle={International Workshop on Digital Mammography},
  pages={625--634},
  year={2016},
  organization={Springer}
}


@article{[5],
  title={TV-based image reconstruction of multiple objects in a fixed source-detector geometry},
  author={Lu, Yang and Yang, Zhenyu and Zhao, Jun and Wang, Ge},
  journal={Journal of X-ray science and technology},
  volume={20},
  number={3},
  pages={277--289},
  year={2012},
  publisher={IOS Press}
}


@article{[6],
  title={Energy-discriminative performance of a spectral micro-CT system},
  author={He, Peng and Yu, Hengyong and Bennett, James and Ronaldson, Paul and Zainon, Rafidah and Butler, Anthony and Butler, Phil and Wei, Biao and Wang, Ge},
  journal={Journal of X-ray Science and Technology},
  volume={21},
  number={3},
  pages={335--345},
  year={2013},
  publisher={IOS Press}
}


@article{[7],
  title={Multiresolution iterative reconstruction in high-resolution extremity cone-beam CT},
  author={Cao, Qian and Zbijewski, Wojciech and Sisniega, Alejandro and Yorkston, John and Siewerdsen, Jeffrey H and Stayman, J Webster},
  journal={Physics in Medicine and Biology},
  volume={61},
  number={20},
  pages={7263},
  year={2016},
  publisher={IOP Publishing}
}


@article{[8],
  title={Iterative reconstruction for few-view grating-based phase-contrast CTâ€”An in vitro mouse model},
  author={Gaass, T and Potdevin, G and Bech, M and No{\"e}l, PB and Willner, M and Tapfer, A and Pfeiffer, F and Haase, A},
  journal={EPL (Europhysics Letters)},
  volume={102},
  number={4},
  pages={48001},
  year={2013},
  publisher={IOP Publishing}
}


@article{[9],
  title={Algorithm-enabled low-dose micro-CT imaging},
  author={Han, Xiao and Bian, Junguo and Eaker, Diane R and Kline, Timothy L and Sidky, Emil Y and Ritman, Erik L and Pan, Xiaochuan},
  journal={IEEE transactions on medical imaging},
  volume={30},
  number={3},
  pages={606--620},
  year={2011},
  publisher={IEEE}
}


@inproceedings{[10],
  title={Reconstruction of limited-angle and few-view nano-CT image via total variation iterative reconstruction},
  author={Liang, Zhiting and Guan, Yong and Liu, Gang and Bian, Rui and Zhang, Xiaobo and Xiong, Ying and Tian, Yangchao},
  booktitle={SPIE Optical Engineering+ Applications},
  pages={885113--885113},
  year={2013},
  organization={International Society for Optics and Photonics}
}


@article{[11],
  title={L\_1-Norm-Based Differential Phase-Contrast Computerized Tomography Reconstruction Algorithm with Sparse Angular Resolution [J]},
  author={Yi, Li Jing Sun},
  journal={Acta Optica Sinica},
  volume={3},
  pages={014},
  year={2012}
}


@article{[12],
  title={TV-based conjugate gradient method and discrete L-curve for few-view CT reconstruction of X-ray in vivo data},
  author={Yang, Xiaoli and Hofmann, Ralf and Dapp, Robin and Van de Kamp, Thomas and dos Santos Rolo, Tomy and Xiao, Xianghui and Moosmann, Julian and Kashef, Jubin and Stotzka, Rainer},
  journal={Optics express},
  volume={23},
  number={5},
  pages={5368--5387},
  year={2015},
  publisher={Optical Society of America}
}


@article{[13],
  title={Sparse Angular Differential Phase-Contrast Computed Tomography Reconstruction Using L\~{} 1-Norm and Curvelet Constraints},
  author={Mengjie, Li and Jing, Li and Yi, Sun},
  journal={Acta Optica Sinica},
  volume={1},
  pages={015},
  year={2014}
}


@inproceedings{[14],
  title={A primal dual proximal point method of Chambolle-Pock algorithms for l 1-TV minimization problems in image reconstruction},
  author={Tang, Yuchao and Peng, Jigen and Yue, Shigang and Xu, Jiawei},
  booktitle={Biomedical Engineering and Informatics (BMEI), 2012 5th International Conference on},
  pages={12--16},
  year={2012},
  organization={IEEE}
}


@article{[15],
  title={Low-dose x-ray phase-contrast and absorption CT using equally sloped tomography},
  author={Fahimian, Benjamin P and Mao, Yu and Cloetens, Peter and Miao, Jianwei},
  journal={Physics in medicine and biology},
  volume={55},
  number={18},
  pages={5383},
  year={2010},
  publisher={IOP Publishing}
}


@article{[16],
  title={High-resolution, low-dose phase contrast X-ray tomography for 3D diagnosis of human breast cancers},
  author={Zhao, Yunzhe and Brun, Emmanuel and Coan, Paola and Huang, Zhifeng and Sztr{\'o}kay, Aniko and Diemoz, Paul Claude and Liebhardt, Susanne and Mittone, Alberto and Gasilov, Sergei and Miao, Jianwei and others},
  journal={Proceedings of the National Academy of Sciences},
  volume={109},
  number={45},
  pages={18290--18294},
  year={2012},
  publisher={National Acad Sciences}
}

@article{[17],
  title={Image reconstruction from sparse data in synchrotron-radiation-based microtomography},
  author={Xia, D and Xiao, X and Bian, J and Han, X and Sidky, EY and De Carlo, F and Pan, X},
  journal={Review of Scientific Instruments},
  volume={82},
  number={4},
  pages={043706},
  year={2011},
  publisher={AIP}
}



@article{[18],
  title={A compressed sensing-based iterative algorithm for CT reconstruction and its possible application to phase contrast imaging},
  author={Li, Xueli and Luo, Shuqian},
  journal={Biomedical engineering online},
  volume={10},
  number={1},
  pages={73},
  year={2011},
  publisher={BioMed Central}
}

@article{[19],
  title={Statistical image reconstruction from limited projection data with intensity priors},
  author={Rashed, Essam A and Kudo, Hiroyuki},
  journal={Physics in medicine and biology},
  volume={57},
  number={7},
  pages={2039},
  year={2012},
  publisher={IOP Publishing}
}


@article{[23],
  title={Hard x-ray Zernike microscopy reaches 30 nm resolution},
  author={Chen, Yu-Tung and Chen, Tsung-Yu and Yi, Jaemock and Chu, Yong S and Lee, Wah-Keat and Wang, Cheng-Liang and Kempson, Ivan M and Hwu, Y and Gajdosik, Vincent and Margaritondo, G},
  journal={Optics letters},
  volume={36},
  number={7},
  pages={1269--1271},
  year={2011},
  publisher={Optical Society of America}
}


@article{[24],
  title={Ptychographic X-ray computed tomography at the nanoscale},
  author={Dierolf, Martin and Menzel, Andreas and Thibault, Pierre and Schneider, Philipp and Kewish, Cameron M and Wepf, Roger and Bunk, Oliver and Pfeiffer, Franz},
  journal={Nature},
  volume={467},
  number={7314},
  pages={436--439},
  year={2010},
  publisher={Nature Research}
}

@article{[25],
  title={Nanoscale X-ray microscopic imaging of mammalian mineralized tissue},
  author={Andrews, Joy C and Almeida, Eduardo and van der Meulen, Marjolein CH and Alwood, Joshua S and Lee, Chialing and Liu, Yijin and Chen, Jie and Meirer, Florian and Feser, Michael and Gelb, Jeff and others},
  journal={Microscopy and Microanalysis},
  volume={16},
  number={03},
  pages={327--336},
  year={2010},
  publisher={Cambridge Univ Press}
}

@article{[26],
  title={Recent advances in synchrotron-based hard x-ray phase contrast imaging},
  author={Liu, Y and Nelson, J and Holzner, C and Andrews, JC and Pianetta, P},
  journal={Journal of Physics D: Applied Physics},
  volume={46},
  number={49},
  pages={494001},
  year={2013},
  publisher={IOP Publishing}
}


@article{goldstein2009split,
  title={The split Bregman method for L1-regularized problems},
  author={Goldstein, Tom and Osher, Stanley},
  journal={SIAM journal on imaging sciences},
  volume={2},
  number={2},
  pages={323--343},
  year={2009},
  publisher={SIAM}
}
